<?xml version="1.0" encoding="UTF-8"?><record xmlns="http://www.loc.gov/MARC21/slim" xmlns:cinclude="http://apache.org/cocoon/include/1.0" xmlns:zs="http://www.loc.gov/zing/srw/">
  <leader>00780cz  a2200217n  4500</leader>
  <controlfield tag="001">n  86716685 </controlfield>
  <controlfield tag="003">DLC</controlfield>
  <controlfield tag="005">19890217140304.3</controlfield>
  <controlfield tag="008">881012n| acaaaaaa|          |a ana |||  </controlfield>
  <datafield tag="010" ind1=" " ind2=" ">
    <subfield code="a">n  86716685 </subfield>
  </datafield>
  <datafield tag="040" ind1=" " ind2=" ">
    <subfield code="a">DLC</subfield>
    <subfield code="c">DLC</subfield>
    <subfield code="d">DLC</subfield>
  </datafield>
  <datafield tag="130" ind1=" " ind2="0">
    <subfield code="a">Thessalikē vivliothēkē.</subfield>
    <subfield code="p">Seira diatrivōn &amp; meletēmatōn</subfield>
  </datafield>
  <datafield tag="410" ind1="2" ind2="0">
    <subfield code="a">Historikē kai Laographikē Hetaireia tōn Thessalōn.</subfield>
    <subfield code="t">Thessalikē vivliothēkē.</subfield>
    <subfield code="p">Seira diatrivōn &amp; meletēmatōn</subfield>
  </datafield>
  <datafield tag="430" ind1=" " ind2="0">
    <subfield code="a">Seira diatrivōn kai meletēmatōn</subfield>
  </datafield>
  <datafield tag="430" ind1=" " ind2="0">
    <subfield code="a">Seira diatrivōn &amp; meletēmatōn</subfield>
  </datafield>
  <datafield tag="642" ind1=" " ind2=" ">
    <subfield code="a">1</subfield>
    <subfield code="5">DLC</subfield>
  </datafield>
  <datafield tag="643" ind1=" " ind2=" ">
    <subfield code="a">Thessaloniki</subfield>
    <subfield code="b">Institute for Balkan Studies</subfield>
  </datafield>
  <datafield tag="644" ind1=" " ind2=" ">
    <subfield code="a">f</subfield>
    <subfield code="5">DLC</subfield>
  </datafield>
  <datafield tag="645" ind1=" " ind2=" ">
    <subfield code="a">t</subfield>
    <subfield code="5">DLC</subfield>
  </datafield>
  <datafield tag="646" ind1=" " ind2=" ">
    <subfield code="a">s</subfield>
    <subfield code="5">DLC</subfield>
  </datafield>
  <datafield tag="670" ind1=" " ind2=" ">
    <subfield code="a">Lazarou, A.G. L'aroumain et ses rapports avec le grec, 1986:</subfield>
    <subfield code="b">added t.p.</subfield>
  </datafield>
</record>